<record><leader>00000cas a2200000 a 4500</leader><controlfield tag="001">27248359</controlfield><controlfield tag="008">930113d19111921ilucr ne      0   a0eng c</controlfield><datafield ind1=" " ind2=" " tag="010"><subfield code="a">sn 93055568 </subfield></datafield><datafield ind1=" " ind2=" " tag="040"><subfield code="a">NVF</subfield><subfield code="b">eng</subfield><subfield code="c">NVF</subfield><subfield code="d">OCLCQ</subfield><subfield code="d">NVF</subfield><subfield code="d">OCLCQ</subfield><subfield code="d">OCLCF</subfield><subfield code="d">NVF</subfield><subfield code="d">OCLCO</subfield></datafield><datafield ind1="1" ind2=" " tag="029"><subfield code="a">AU@</subfield><subfield code="b">000020739621</subfield></datafield><datafield ind1=" " ind2=" " tag="042"><subfield code="a">pcc</subfield></datafield><datafield ind1=" " ind2=" " tag="043"><subfield code="a">n-us-il</subfield></datafield><datafield ind1="0" ind2="4" tag="245"><subfield code="a">The Eldorado journal.</subfield></datafield><datafield ind1=" " ind2=" " tag="260"><subfield code="a">Eldorado, Saline County, Ill. :</subfield><subfield code="b">L.O. Trigg</subfield></datafield><datafield ind1=" " ind2=" " tag="300"><subfield code="a">v.</subfield></datafield><datafield ind1=" " ind2=" " tag="310"><subfield code="a">Semiweekly,</subfield><subfield code="b">Jan. 2, 1920-&lt;Jan. 28, 1921&gt;</subfield></datafield><datafield ind1=" " ind2=" " tag="321"><subfield code="a">Weekly,</subfield><subfield code="b">&lt;Jan. 5, 1917&gt;-Dec. 26, 1919</subfield></datafield><datafield ind1="1" ind2=" " tag="362"><subfield code="a">Began in 1911; ceased in 1921.</subfield></datafield><datafield ind1=" " ind2=" " tag="588"><subfield code="a">Description based on: Vol. 6, no. 13 (Jan. 5, 1917).</subfield></datafield><datafield ind1=" " ind2=" " tag="588"><subfield code="a">Latest issue consulted: Jan. 28, 1921.</subfield></datafield><datafield ind1=" " ind2="0" tag="651"><subfield code="a">Eldorado (Ill.)</subfield><subfield code="v">Newspapers.</subfield></datafield><datafield ind1=" " ind2="7" tag="651"><subfield code="a">Illinois</subfield><subfield code="z">Eldorado.</subfield><subfield code="2">fast</subfield><subfield code="0">(OCoLC)fst01218259</subfield></datafield><datafield ind1=" " ind2="7" tag="655"><subfield code="a">Newspapers.</subfield><subfield code="2">fast</subfield><subfield code="0">(OCoLC)fst01423814</subfield></datafield><datafield ind1=" " ind2=" " tag="752"><subfield code="a">United States</subfield><subfield code="b">Illinois</subfield><subfield code="c">Saline</subfield><subfield code="d">Eldorado.</subfield></datafield><datafield ind1="0" ind2="5" tag="780"><subfield code="t">Saline County Republican (Eldorado, Ill.)</subfield><subfield code="w">(DLC)sn 88086076</subfield><subfield code="w">(OCoLC)17557239</subfield></datafield><datafield ind1="0" ind2="0" tag="785"><subfield code="t">Eldorado daily journal (Eldorado, Ill.)</subfield><subfield code="w">(DLC)sn 93055569</subfield><subfield code="w">(OCoLC)27248549</subfield></datafield></record>